<record><leader>00000cas a2200000 a 4500</leader><controlfield tag="001">11466922</controlfield><controlfield tag="008">841207d18871888ksuwr ne      0   a0eng d</controlfield><datafield ind1=" " ind2=" " tag="010"><subfield code="a">sn 84030074 </subfield></datafield><datafield ind1=" " ind2=" " tag="040"><subfield code="a">KSH</subfield><subfield code="b">eng</subfield><subfield code="c">KSH</subfield><subfield code="d">NPT</subfield><subfield code="d">DLC</subfield><subfield code="d">OCL</subfield><subfield code="d">OCLCQ</subfield></datafield><datafield ind1=" " ind2=" " tag="042"><subfield code="a">msc</subfield></datafield><datafield ind1="0" ind2="0" tag="245"><subfield code="a">Gray County echo.</subfield></datafield><datafield ind1=" " ind2=" " tag="260"><subfield code="a">Cimarron, Kan. :</subfield><subfield code="b">A.T. Riley,</subfield><subfield code="c">-1888.</subfield></datafield><datafield ind1=" " ind2=" " tag="300"><subfield code="a">v. ;</subfield><subfield code="c">60 cm.</subfield></datafield><datafield ind1=" " ind2=" " tag="310"><subfield code="a">Weekly</subfield></datafield><datafield ind1="0" ind2=" " tag="362"><subfield code="a">-v. 2, no. 24 (May 5, 1888).</subfield></datafield><datafield ind1="1" ind2=" " tag="362"><subfield code="a">Began in 1887.</subfield></datafield><datafield ind1=" " ind2=" " tag="500"><subfield code="a">Published by: S.W. Benedict, Nov. 4-Dec. 30, 1887; Wright &amp; Rouze, Jan. 6-Mar. 30, 1888; C.B. Riley &amp; Co., Apr. 7-May 5, 1888.</subfield></datafield><datafield ind1=" " ind2=" " tag="500"><subfield code="a">"Republican." Cf. Ayer, 1887.</subfield></datafield><datafield ind1=" " ind2=" " tag="525"><subfield code="a">Has occasional supplements.</subfield></datafield><datafield ind1=" " ind2=" " tag="588"><subfield code="a">Description based on: Vol. 1, no. 29 (Mar. 24, 1887).</subfield></datafield><datafield ind1=" " ind2=" " tag="752"><subfield code="a">United States</subfield><subfield code="b">Kansas</subfield><subfield code="c">Gray</subfield><subfield code="d">Cimarron.</subfield></datafield><datafield ind1="0" ind2="0" tag="780"><subfield code="t">Ingalls echo</subfield><subfield code="w">(DLC)sn 84030073</subfield></datafield><datafield ind1="0" ind2="7" tag="785"><subfield code="t">New west (Cimarron, Kan. : 1885)</subfield><subfield code="w">(DLC)sn 84030062</subfield></datafield><datafield ind1="0" ind2="7" tag="785"><subfield code="t">New west-echo</subfield><subfield code="w">(DLC)sn 84030063</subfield></datafield></record>